@book{RusselAndNorvig2010,
	author = {Russell, Stuart and Norvig, Peter},
	title = {Artificial Intelligence: A Modern Approach},
	year = {2010},
	edition = {3rd},
	publisher = {Pearson -- Prentice Hall}
}

@book{Wooldridge2009,
	title={An introduction to multiagent systems},
	author={Wooldridge, Michael},
	year={2009},
	publisher={John Wiley \& Sons}
}

@book{Weiss1999,
	title={Multiagent systems: a modern approach to distributed artificial intelligence},
	author={Weiss, Gerhard},
	year={1999},
	publisher={MIT press}
}

@inproceedings{FranklinAndGraesser1996,
	title={Is it an Agent, or just a Program?: A Taxonomy for Autonomous Agents},
	author={Franklin, Stan and Graesser, Art},
	booktitle={International Workshop on Agent Theories, Architectures, and Languages},
	pages={21--35},
	year={1996},
	organization={Springer}
}

@book{Bellman1978,
	title={An introduction to artificial intelligence: Can computers think?},
	author={Bellman, Richard},
	year={1978},
	publisher={Thomson Course Technology}
}

@book{KurzweilEtAl1990,
	title={The age of intelligent machines},
	author={Kurzweil, Ray and Richter, Robert and Kurzweil, Ray and Schneider, Martin L},
	volume={579},
	year={1990},
	publisher={MIT press Cambridge}
}

@book{PooleEtAl1998,
	title={Computational intelligence: a logical approach},
	author={Poole, David and Mackworth, Alan and Goebel, Randy},
	year={1998},
	publisher={Oxford University Press. Oxford, UK},
}

@book{Winston1992,
	title={Artificial Intelligence},
	author={Winston, P. H.},
	year={1992},
	publisher={Addison-Wesley, Reading, Massachusetts},
	edition={3rd}
}

@book{PooleAndMacworth2010,
	title={Artificial Intelligence: foundations of computational agents},
	author={Poole, David L and Mackworth, Alan K},
	year={2010},
	publisher={Cambridge University Press}
}

@book{ZapfelEtAl2010,
	title={Metaheuristic search concepts: A tutorial with applications to production and logistics},
	author={Z{\"a}pfel, G{\"u}nther and Braune, Roland and B{\"o}gl, Michael},
	year={2010},
	publisher={Springer Science \& Business Media}
}

@article{MetropolisEtAl1953,
	title={Equation of state calculations by fast computing machines},
	author={Metropolis, Nicholas and Rosenbluth, Arianna W and Rosenbluth, Marshall N and Teller, Augusta H and Teller, Edward},
	journal={The journal of chemical physics},
	volume={21},
	number={6},
	pages={1087--1092},
	year={1953},
	publisher={AIP}
}

@article{KirkpatrickEtAl1983,
	title={Optimization by simulated annealing},
	author={Kirkpatrick, Scott and Gelatt, C Daniel and Vecchi, Mario P and others},
	journal={science},
	volume={220},
	number={4598},
	pages={671--680},
	year={1983},
	publisher={Washington}
}

@article{Cerny1985,
	title={Thermodynamical approach to the traveling salesman problem: An efficient simulation algorithm},
	author={{\v{C}}ern{\`y}, Vladim{\'\i}r},
	journal={Journal of optimization theory and applications},
	volume={45},
	number={1},
	pages={41--51},
	year={1985},
	publisher={Springer}
}

@book{EibenAndSmith2003,
	title={Introduction to evolutionary computing},
	author={Eiben, Agoston E and Smith, James E},
	volume={53},
	year={2003},
	publisher={Springer}
}

@misc{Andersson1988,
	title={A Robot Ping-Pong Player: Experiment in Real-Time Control},
	author={Andersson, Russel L},
	year={1988},
	publisher={MIT Press Cambridge}
}

@book{FaceliEtAl2011,
	title={Intelig{\^e}ncia Artificial: Uma abordagem de aprendizado de m{\'a}quina},
	author={Faceli, Katti and Lorena, Ana Carolina and Gama, Jo{\~a}o and Carvalho, ACPLF},
	publisher={Rio de Janeiro: LTC},
	volume={2},
	pages={192},
	year={2011}
}

@book{Mitchell1997,
	title={Machine Learning},
	author={Mitchell, Tom M.},
	year={1997},
	publisher={McGraw-Hill: Boston, MA},
	pages={421}
}

@book{MullerAndGuido2017,
	title={Introduction to machine learning with Python: a guide for data scientists},
	author={M{\"u}ller, Andreas C and Guido, Sarah},
	year={2017},
	publisher={O'Reilly Media}
}

@book{Kaluza2016,
	title={Machine Learning in Java},
	author={Kaluza, Bostjan},
	year={2016},
	publisher={Packt Publishing Ltd}
}

@book{KamathAndChoppella2017,
	title={Mastering Java Machine Learning},
	author={Kamath, Uday and Choppella, Krishna},
	year={2017},
	publisher={Packt Publishing},
	pages={462}
}

@article{Quinlan1986,
	title={Induction of decision trees},
	author={Quinlan, J. Ross},
	journal={Machine learning},
	volume={1},
	number={1},
	pages={81--106},
	year={1986},
	publisher={Springer}
}

@book{Quinlan1993,
	title={C4.5: Programs for Machine Learning},
	author={Quinlan, J Ross},
	year={1993},
	publisher={San Mateo, CA: Morgan Kaufmann}
}

@book{SuttonAndBarto1998,
	title={Reinforcement learning: An introduction},
	author={Sutton, Richard S and Barto, Andrew G},
	volume={1},
	number={1},
	year={1998},
	publisher={MIT press Cambridge}
}

@article{AbarEtAl2017,
	title={Agent Based Modelling and Simulation tools: A review of the state-of-art software},
	author={Abar, Sameera and Theodoropoulos, Georgios K and Lemarinier, Pierre and Oâ€™Hare, Gregory MP},
	journal={Computer Science Review},
	volume={24},
	pages={13--33},
	year={2017},
	publisher={Elsevier}
}

@incollection{FinkEtAl2003,
	title={Metaheuristic class libraries},
	author={Fink, Andreas and Vo{\ss}, Stefan and Woodruff, David L},
	booktitle={Handbook of Metaheuristics},
	pages={515--535},
	year={2003},
	publisher={Springer}
}